!PUBLISHERS

@xdata{p.academic,
  publisher = {Academic Press},
}

@xdata{p.acl,
  publisher = {Association for Computational Linguistics},
  shortpublisher = {ACL},
}

@xdata{p.akademie,
  publisher = {Akademie Verlag},
  publisher+an:language = {="german";},
  location = {l-de-berlin},
}

@xdata{p.athenaeum,
  publisher = {Athenäum},
  publisher+an:language = {="german";},
  location = {l-de-frankfurt-main},
}

@xdata{p.benjamins,
  publisher = {Benjamins},
  location = {l-nl-amsterdam and l-us-pa-philadelphia},
}

@xdata{p.cambridge,
  publisher = {Cambridge University Press},
  location = {l-uk-cambridge},
}

@xdata{p.cornell,
  publisher = {Cornell University Press},
  location = {l-us-ny-ithaca},
  location+an:spec = {1="l-us-ny";},
}

@xdata{p.degruyter,
  publisher = {de Gruyter},
  location = {l-de-berlin},
}

@xdata{p.kluwer,
  publisher = {Kluwer},
  location = {l-nl-dordrecht},
}

@xdata{p.lsa,
  publisher = {Linguistic Society of America},
  shortpublisher = {LSA},
  location = {l-us-dc},
}

@xdata{p.mit,
  publisher = {MIT Press},
  location = {l-us-ma-cambridge},
}

@xdata{p.nyu,
  publisher = {NYU Press},
  location = {l-us-ny-ny},
}

@xdata{p.oxford,
  publisher = {Oxford University Press},
  location = {l-uk-oxford},
}

@xdata{p.reidel,
  publisher = {Reidel},
  location = {l-nl-dordrecht},
}

@xdata{p.springer,
  publisher = {Springer},
  location = {l-nl-dordrecht},
}

@xdata{p.springerch,
  publisher = {Springer},
  location = {l-ch-cham},
}

@xdata{p.springerde,
  publisher = {Springer},
  location = {l-de-berlin and l-de-heidelberg},
}

@xdata{p.suhrkamp,
  publisher = {Suhrkamp},
  location = {l-de-frankfurt-main},
}

@xdata{p.unipub,
  publisher = {Unipub},
  location = {l-no-oslo},
}

@xdata{p.universaar,
  publisher = {Universaar},
  location = {l-de-saarbruecken},
}

@xdata{p.wiley,
  publisher = {Wiley},
  location = {l-uk-oxford},
}

@xdata{p.yale,
  publisher = {Yale University Press},
  location = {l-us-ct-newhaven and l-uk-london},
}

!SERIES

@xdata{s.aktuell,
  xdata = {p.benjamins},
  series = {Linguistik Aktuell/Linguistics Today},
  shortseries = {LA},
  issn = {0166-0829},
}

@xdata{s.slap,
  xdata = {p.springer},
  series = {Studies in Linguistics and Philosophy},
  shortseries = {SLAP},
  issn = {0924-4662 and 2215-034X},
  issn+an:type = {1="print";2="online"},
}

@xdata{s.studgram,
  xdata = {p.degruyter},
  series = {Studia Grammatica},
  series+an:language = {="latin";},
  issn = {0081-6469 and 2192-0125},
  issn+an:type = {1="print";2="online"},
}

!JOURNALS

@xdata{j.bls,
  journaltitle = {Proceedings of the Annual Meeting of the {Berkeley} Linguistics Society},
  title = {Proceedings of the Annual Meeting of the {Berkeley} Linguistics Society},
  issn = {0363-2946 and 2377-1666},
  issn+an:type = {1="print";2="online";},
  eventtitle = {Annual Meeting of the {Berkeley} Linguistics Society},
  eventshorttitle = {BLS},
  venue = {u-california-berkeley},
  publisher = {{Berkeley} Linguistics Society},
  location = {l-us-ca-berkeley},
}

@xdata{j.eiss,
  journaltitle = {Empirical Issues in Syntax and Semantics},
  title = {Empirical Issues in Syntax and Semantics},
  issn = {1769-7158},
  issn+an:type = {="online";},
  eventtitle = {Colloque de Syntaxe et Sémantique à Paris},
  eventtitle+an:language= {="french";},
  eventshorttitle = {CSSP},
}

@xdata{j.foundlang,
  journaltitle = {Foundations of Language},
}

@xdata{j.glossa,
  journaltitle = {Glossa},
  issn = {2397-1835},
}

@xdata{j.jsem,
  xdata = {p.oxford},
  journaltitle = {Journal of Semantics},
  issn = {0167-5133 and 1477-4593},
  issn+an:type = {1="print";2="online";},
}

@xdata{j.language,
  xdata = {p.lsa},
  journaltitle = {Language},
}

@xdata{j.li,
  xdata = {p.mit},
  journaltitle = {Linguistic Inquiry},
}

@xdata{j.lingphil,
  xdata = {p.springer},
  journaltitle = {Linguistics and Philosophy},
  issn = {0165-0157 and 1573-0549},
  issn+an:type = {1="print";2="online";},
}

@xdata{j.llcompass,
  xdata = {p.wiley},
  journaltitle = {Language and Linguistics Compass},
  issn = {1749-818X},
  issn+an:type = {1="online";},
}

@xdata{j.nls,
  journaltitle = {Natural Language Semantics},
}

@xdata{j.philrev,
  journaltitle = {The Philosophical Review},
  issn = {0031-8108 and 1558-1470},
  issn+an:type = {1="print";2="online";},
  publisher = {Duke University Press},
  location = {l-us-nc-durham},
  location+an:spec = {1="l-us-nc";},
}

@xdata{j.plc,
  xdata = {j.pwpl},
  title = {University of {Pennsylvania} Working Papers in Linguistics},
  eventtitle = {Penn Linguistics Conference},
  eventshorttitle = {PLC},
  number = {1},
}

@xdata{j.pwpl,
  journaltitle = {University of {Pennsylvania} Working Papers in Linguistics},
  issn = {1524-9549},
  publisher = {Penn Graduate Linguistics Society},
  location = {l-us-pa-philadelphia},
  eprint = {20.500.14332/272},
  eprinttype = {hdl},
}

@xdata{j.studia,
  xdata = {p.wiley},
  journal = {Studia Linguistica},
  journaltitle+an:language = {="latin";},
}

@xdata{j.semprag,
  journaltitle = {Semantics and Pragmatics},
  issn = {1937-8912},
}

@xdata{j.sub,
  title = {Proceedings of Sinn und Bedeutung},
  journaltitle = {Proceedings of Sinn und Bedeutung},
  eventtitle = {Sinn und Bedeutung},
  eventtitle+an:language = {="german";},
  issn = {2629-6055},
}

@xdata{j.synthese,
  journaltitle = {Synthese},
  journaltitle+an:language = {="dutch";},
  issn = {0039-7857 and 1573-0964},
  issn+an:type = {1="print";2="online";},
}

@xdata{j.voprosy,
  journaltitle = {Вопросы Языкознания},
  journaltitle+an:language = {="russian";},
  journaltitle+an:romanized = {="Voprosy Jazykoznanija";},
  journaltitle+an:english = {="Topics in the Study of Language";},
  issn = {0373-658X},
  publisher = {Российская Академия Наук},
  publisher+an:language = {1="russian";},
  publisher+an:english = {1="Russian Academy of Science";},
}

!ISSUES

@periodical{j.bls:1,
  xdata = {j.bls},
  editor = {Cathy Cogen and Henry Thompson and Graham Thurgood and Kenneth Whistler and James Wright},
  date = {1975},
  issuetitle = {Proceedings of the First Annual Meeting of the {Berkeley} {Linguistics} {Society}},
  eventnumber = {1},
  eventdate = {1975-02-15/1975-02-17},
  url = {http://linguistics.berkeley.edu/bls/previous_proceedings/bls1.pdf},
}

@periodical{j.eiss:9,
  xdata = {j.eiss},
  editor = {Christopher Piñón},
  date = {2012-12},
  volume = {9},
  eventnumber = {2011},
  venue = {u-paris8},
  eventdate = {2011-09-21/2011-09-23},
  url = {http://www.cssp.cnrs.fr/eiss9/},
}

@periodical{j.plc:36,
  xdata = {j.plc},
  date = {2013-01-28},
  volume = {19},
  issuetitle = {Proceedings of the 36th Annual Penn Linguistics Colloquium},
  eventtitle = {Penn Linguistics Colloquium},
  eventnumber = {36},
  venue = {u-pennsylvania},
  venue+an:spec = {1="l-us-pa-philadelphia";},
  eventdate = {2012-03-23/2012-03-25},
  publisher = {Penn Linguistics Club},
}

@periodical{j.sub:15,
  xdata = {j.sub,p.universaar},
  date = {2011},
  editor = {Ingo Reich and Eva Horch and Dennis Pauly},
  volume = {15},
  isbn = {978-3-86223-038-9 and 978-3-86223-039-6},
  isbn+an:type = {1="print";2="online";},
  doi = {10.22028/D291-32178},
  pagetotal = {692},
  eventnumber = {15},
  eventdate = {2010-09-09/2010-09-11},
  venue = {u-saarland},
  eprint = {20.500.11880/30467},
  eprinttype = {hdl},
  url = {https://nbn-resolving.org/nbn:de:bsz:291-universaar-300},
}

@periodical{j.sub:21,
  xdata = {j.sub},
  date = {2018},
  editor = {Robert Truswell and Chris Cummins and Caroline Heycock and Brian Rabern and Hannah Rohde},
  volume = {21},
  pagetotal = {1388},
  eventnumber = {21},
  eventdate = {2016-09-04/2016-09-06},
  venue = {u-edinburgh},
}

!CONFERENCES

@xdata{c.amsterdam,
  eventshorttitle = {Amsterdam Colloquium},
  venue = {u-amsterdam},
}

@proceedings{c.amsterdam:1,
  xdata = {c.amsterdam},
  editor = {Renate Bartsch},
  date = {1976},
  title = {Papers presented at the Symposium `{Montague} Grammar and Related Topics' Held in {Amsterdam} on {Jan.} 12--16, 1976},
  series = {Amsterdam Papers in Formal Grammar},
  number = {1},
  eventtitle = {The {Amsterdam} Symposium on {Montague} Grammar and Related Topics},
  eventnumber = {1},
  eventdate = {1976-01-12/1976-01-16},
  publisher = {Centrale Interfaculteit, \bibstring{u-amsterdam}},
  location = {l-nl-amsterdam},
}
  year = {1976},

@xdata{c.sigtyp,
  xdata = {p.acl},
  eventtitle = {Workshop on Research in Computational Linguistic Typology and Multilingual {NLP}},
  eventshorttitle = {{SIGTYP}},
}

@proceedings{c.sigtyp:5,
  xdata = {c.sigtyp},
  editor = {Lisa Beinborn and Koustava Goswami and Saliha Muradoğlu and Alexey Sorokin and Ritesh Kumar and Andreas Shcherbakov and Edoardo M. Ponti and Ryan Cotterell and Ekaterina Vylomova},
  date = {2023-05},
  title = {Proceedings of the 5th Workshop on Research in Computational Linguistic Typology and Multilingual NLP},
  eventnumber = {5},
  venue = {l-hr-dubrovnik},
  url = {https://aclanthology.org/2023.sigtyp-1},
}

@xdata{c.tbillc,
  publisher = {xdata=p.springer-publisher},
  title = {Logic, Language, and Computation},
  eventtitle = {International {Tbilisi} Symposium on Logic, Language and Computation},
  eventshorttitle = {TbiLLC},
  series = {Lecture Notes in Computer Science},
  shortseries = {LNCS},
  issn = {0302-9743 and 1611-3349},
  issn+an:type = {1="print";2="online";}
}

@proceedings{c.tbillc:6,
  xdata = {c.tbillc},
  editor = {Balder D. ten Cate and Henk W. Zeevat},
  date = {2007-09-04},
  subtitle = {6th International {Tbilisi} Symposium on Logic, Language, and Computation},
  eventnumber = {2005},
  eventdate = {2005-09-12/2005-09-16},
  venue = {l-ge-batumi},
  seriessubtitle = {Lecture Notes in Artificial Intelligence},
  shortseries = {{LNAI}},
  number = {4363},
  doi = {10.1007/978-3-540-75144-1},
  isbn = {978-3-540-75143-4 and 978-3-540-75144-1},
  isbn+an:type = {1="paperback";2="ebook";},
  location = {l-de-berlin and l-de-heidelberg},
}

!ENTRIES

#A 
#AA 
#AB 
#AC 
#AD 
#AE 
#AF 
#AG 
#AH 
#AI 
#AJ 
#AK 
#AL 
#AM 
#AN 
#AO 
#AP 
#AQ 

@book{aqvist1965,
  author = {Lennart Åqvist},
  date = {1965},
  title = {A New Approach to the Logical Theory of Interrogatives},
  publisher = {Filosofiska Föreningen i Uppsala},
  publisher+an:language = {="swedish"},
  location = {l-se-uppsala},
}

#AR 
#AS 
#AT 
#AU 
#AW 
#AV 
#AX 
#AY 
#AZ 
#B 
#BA 

@article{baglini-francez2015-jsem,
  xdata = {j.jsem},
  author = {Rebekah Baglini and Itamar Francez},
  date = {2015-06-22},
  title = {The Implications of Managing},
  volume = {33},
  number = {3},
  issuedate = {2016-08},
  pages = {541-560},
  doi = {10.1093/jos/ffv007},
  keywords = {clause-embedding},
}

@thesis{baker.c1968-thesis,
  author = {Carl L. Baker},
  date = {1968},
  title = {Indirect Questions in {English}},
  type = {phdthesis},
  institution = {u-illinois},
  location = {l-us-il-urbana},
}

@article{baker.c1970-foundlang,
  xdata = {j.foundlang},
  author = {Carl L. Baker},
  date = {1970},
  title = {Notes on the Description of {English} Questions},
  subtitle = {The Role of an Abstract Question Morpheme},
  volume = {6},
  pages = {197-217},
}

#BÄ 

@proceedings{baeurle-egli-stechow1979,
  xdata = {p.springerde},
  editor = {Rainer Bäuerle and Urs Egli and Arnim von Stechow},
  date = {1979},
  title = {Semantics from Different Points of View},
  venue = {u-konstanz},
  eventdate = {1978-09},
  series = {Springer Series in Language and Communication},
  issn = {0172-620X},
  number = {6},
  isbn = {9783540096764 and 978-3-642-67460-0 and 978-3-642-67458-7},
  pagetotal = {427},
  doi = {10.1007/978-3-642-67458-7},
}

#BB 
#BC 
#BD 
#BE 

@report{belnap1963,
  author = {Nuel Belnap},
  date = {1963},
  title = {An Analysis of Questions},
  type = {techmemo},
  number = {1287/00/000},
  institution = {System Development Corporation},
  location = {l-us-ca-santamonica},
}

@thesis{bervoets2014-thesis,
  author = {Melanie Bervoets},
  date = {2014},
  title = {On Opining},
  subtitle = {Modal Verbs, Dispositions, Free Choice, and Negation},
  location = {l-us-ca-losangeles},
  institution = {u-california},
  type = {phdthesis},
}

@book{bervoets2020,
  author = {Melanie Bervoets},
  date = {2020},
  title = {The Semantics of Opinion},
  xdata = {p.springer},
}

#BF 
#BG 
#BH 
#BI 
#BJ 
#BK 
#BL 
#BM 
#BN 
#BO 
#BP 
#BQ 
#BR 
#BS 
#BT 
#BU 

@article{burukina2020-glossa,
  xdata = {j.glossa},
  author = {Irina Burukina},
  date = {2020-06-08},
  title = {Mandative Verbs and Deontic Modals in {Russian}},
  subtitle = {Between Obligatory Control and Overt Embedded Subjects},
  volume = {5},
  issuedate = {2020},
  eid = {54},
  doi = {10.5334/gjgl.905},
  keywords = {clause-embedding},
  cepconcepts = {order,permit,necessary,permitted},
  ceplexemes = {rus:веле́ть,rus:приказа́ть,rus:разреши́ть},
}

#BV 
#BW 
#BX 
#BY 
#BZ 
#C 
#CA 
#CB 
#CC 
#CD 
#CE 
#CF 
#CG 
#CH 
#CI 

@book{ciardelli-groenendijk-roelofsen2018,
  xdata = {p.oxford},
  author = {Ivano Ciardelli and Jeroen Groenendijk and Floris Roelofsen},
  date = {2018-11-22},
  title = {Inquisitive Semantics},
  isbn = {9780198814788 and 9780191852473},
  isbn+an:type = {1="print";2="online";},
  doi = {10.1093/oso/9780198814788.001.0001},
  keywords = {clause-embedding, inquisitive semantics, questions, coordination, modals, conditionals, intonational meaning},
}

@article{ciardelli-roelofsen2015-synthese,
  author = {Ivano Ciardelli and Floris Roelofsen},
  year = {2015},
  title = {Inquisitive Dynamic Epistemic Logic},
  journaltitle = {Synthese},
  volume = {192},
  pages = {1643-1687},
}

#CJ 
#CK 
#CL 
#CM 
#CN 
#CO 

@article{coleman1975-bls,
  crossref = {j.bls:1},
  author = {Linda Coleman},
  title = {The Case of the Vanishing Presupposition},
  pages = {78-89},
  url = {https://escholarship.org/uc/item/9x88s440},
  keywords = {clause-embedding},
}

@unpublished{condoravdi-lauer2009-santacruz,
  author = {Cleo Condoravdi and Sven Lauer},
  date = {2009-11-21},
  title = {Performing a Wish},
  subtitle = {Desiderative Assertions and Performativity},
  type = {handout},
  eventtitle = {California Universities Semantics and Pragmatics},
  eventnumber = {2},
  eventdate = {2009-11-21},
  venue = {u-california-santacruz},
  url = {https://web.stanford.edu/~cleoc/CUSP-Handout-final-2up.pdf},
  keywords = {clause-embedding},
}

@unpublished{condoravdi-lauer2010-goettingen,
  author = {Cleo Condoravdi and Sven Lauer},
  date = {2020-06},
  title = {Speaking of Preferences},
  subtitle = {Imperative and Desiderative Assertions in Context},
  type = {handout},
  eventtitle = {Workshop on Inferential Mechanisms and their Linguistic Manifestation},
  eventnumber = {7},
  eventsubtitle = {Speaking of Possibility and Time},
  eventdate = {2020-06-04/2020-06-05},
  venue = {u-goettingen},
  url = {http://www.sven-lauer.net/output/CondoravdiLauer-SoPaT10-desiderative-imperative-assertions.pdf},
  keywords = {clause-embedding},
}

@article{condoravdi-lauer2011-sub,
  crossref = {j.sub:15},
  author = {Cleo Condoravdi and Sven Lauer},
  title = {Performative Verbs and Performative Acts},
  pages = {149-164},
  url = {https://ojs.ub.uni-konstanz.de/sub/index.php/sub/article/view/369},
  keywords = {clause-embedding},
}

@article{condoravdi-lauer2012-eiss,
  crossref = {j.eiss:9},
  author = {Cleo Condoravdi and Sven Lauer},
  title = {Imperatives},
  subtitle = {Meaning and Illocutionary Force},
  pages = {37-58},
  url = {http://www.cssp.cnrs.fr/eiss9/eiss9_condoravdi-and-lauer.pdf},
}

@article{condoravdi-lauer2016-semprag,
  xdata = {j.semprag},
  author = {Cleo Condoravdi and Sven Lauer},
  year = {2016},
  title = {Anankastic Conditionals are just Conditionals},
  volume = {9},
  eid = {8},
  pages = {1-69},
  keywords = {clause-embedding, anankastic conditionals, priority modals, desire predicates, teleological modality, effective preferences},
}

#CP 
#CQ 
#CR 
#CS 
#CT 
#CU 
#CV 
#CW 
#CX 
#CY 
#CZ 
#D 
#DA 
#DB 
#DC 
#DD 
#DE 
#DF 
#DG 
#DH 
#DI 

@collection{dinneen-oh1979,
  xdata = {p.academic},
  editor = {Choon-Kyu Oh and David A. Dinneen},
  date = {1979-01-01},
  title = {Presupposition},
  series = {Syntax and Semantics},
  volume = {11},
  location = {l-us-ny-ny},
  isbn = {978-90-04-36798-2},
}

#DJ

@article{djaerv2023-jsem,
  xdata = {j.jsem},
  author = {Kajsa Djärv},
  date = {2023-07-11},
  title = {Knowing and Believing Things},
  subtitle = {What {DP}-Complementation Can Tell us about the Meaning and Composition of (Factive) Attitudes},
  doi = {10.1093/jos/ffac015},
  keywords = {clause-embedding},
  cepconcepts = {know-that, know-of, believe,},
  ceplexemes = {eng:know, eng:believe,},
  ids = {djarv2023-jsem},
}

#DK 
#DL 
#DM 
#DN 
#DO 
#DP 
#DQ 
#DR 
#DS 
#DT 
#DU 
#DV 
#DW 
#DX 
#DY 
#DZ 
#E 
#F 
#FA 

@article{farkas1988-lingphil,
  xdata = {j.lingphil},
  author = {Donka F. Farkas},
  date = {1988},
  title = {On Obligatory Control},
  volume = {11},
  pages = {27-58},
  keywords = {clause-embedding},
}

#FB 
#FC 
#FD 
#FE 

@collection{fery-sternefeld2001,
  xdata = {s.studgram,p.akademie},
  editor = {Caroline Féry and Wolfgang Sternefeld},
  date = {2001-07-22},
  title = {Audiatur Vox Sapientiae},
  title+an:language = {="latin";},
  subtitle = {A Festschrift for {Arnim} von {Stechow}},
  subtitle+an:language = {="english";},
  number = {52},
  doi = {10.1515/9783050080116},
  isbn = {9783050036724 and 9783050080116},
  isbn+an:type = {1="hardback",2="ebook";},
  pagetotal = {540},
}

#FF 
#FG 
#FH 
#FI 
#FJ 
#FK 
#FL 
#FM 
#FN 
#FO 
#FP 
#FQ 
#FR 
#FS 
#FT 
#FU 
#FV 
#FW 
#FX 
#FY 
#FZ 
#G 
#GA 
#GB 
#GC 
#GD 
#GE 
#GF 
#GG 
#GH 
#GI 
#GJ 
#GK 
#GL 
#GM 
#GN 
#GO 
#GP 
#GQ 
#GR 

@unpublished{grano2016-wlphandout,
  author = {Thomas Grano},
  date = {2016-11-11},
  title = {A Progress Report on Intention Reports},
  eventtitle = {Workshop in Linguistics and Philosophy},
  venue = {u-chicago},
  type = {handout},
  keywords = {clause-embedding},
  cepconcepts = {intend, believe, want,},
  ceplexemes = {eng:intend, eng:believe, eng:think, eng:want,},
  url = {https://tgrano.pages.iu.edu/uclp_intend.pdf},
}

@article{grano2017-jsem,
  xdata = {j.jsem},
  author = {Thomas Grano},
  date = {2017-07-31},
  title = {The Logic of Intention Reports},
  volume = {34},
  number = {4},
  issuedate = {2017-11},
  pages = {587-632},
  doi = {10.1093/jos/ffx010},
  keywords = {clause-embedding},
  cepconcepts = {intend, believe, want,},
  ceplexemes = {eng:intend, eng:believe, eng:think, eng:want,},
}

@article{groenendijk-stokhof1982-lingphil,
  xdata = {j.lingphil},
  author = {Jeroen Groenendijk and Martin Stokhof},
  date = {1982},
  title = {Semantic Analysis of Wh-Complements},
  volume = {5},
  pages = {175-233},
  keywords = {clause-embedding,},
}

@thesis{groenendijk-stokhof1984-thesis,
  author = {Jeroen Groenendijk and Martin Stokhof},
  date = {1984},
  title = {Studies on the Semantics of Questions and the Pragmatics of Answers},
  type = {phdthesis},
  institution = {u-amsterdam},
}

#GS 
#GT 
#GU 
#GV 
#GW 
#GX 
#GY 
#GZ 
#H 
#HA 

@article{hamblin1973-foundlang,
  xdata = {j.foundlang},
  author = {Charles Leonard Hamblin},
  date = {1973},
  title = {Questions in {Montague} {English}},
  volume = {10},
  pages = {41-53},
}

#HB 
#HC 
#HD 
#HE 

@article{heim1992-jsem,
  xdata = {j.jsem},
  author = {Irene Heim},
  date = {1992-08-01},
  title = {Presupposition Projection and the Semantics of Attitude Verbs},
  volume = {9},
  number = {3},
  pages = {183-221},
  doi = {10.1093/jos/9.3.183},
  keywords = {clause-embedding},
}

#HF 
#HG 
#HH 
#HI 

@proceedings{hintikka-moravcsik-suppes1973,
  xdata = {p.reidel},
  editor = {K. J. J. Hintikka and J. M. E. Moravcsik and P. Suppes},
  date = {1973},
  title = {Approaches to Natural Language},
  subtitle = {Proceedings of the 1970 Stanford Workshop on Grammar and Semantics},
  eventtitle = {Stanford Workshop on Grammar and Semantics},
  eventdate = {1970-09/1970-11},
  series = {Synthese Library},
  number = {49},
  pagetotal = {538},
  doi = {10.1007/978-94-010-2506-5},
}

@incollection{hintikka1974-munitz-unger,
  crossref = {munitz-unger1974},
  author = {Jaakko Hintikka},
  title = {Questions About Questions},
}

#HJ 
#HK 
#HL 
#HM 
#HN 
#HO 
#HP 
#HQ 
#HR 
#HS 
#HT 
#HU 
#HV 
#HW 
#HX 
#HY 
#HZ 
#I 
#J 
#JA 
#JB 
#JC 
#JD 
#JE 
#JĘ 

@collection{jedrzejowski-umbach2023,
  xdata = {p.oxford},
  editor = {Łukasz Jędrzejowski and Carla Umbach},
  date = {2023-07-17},
  title = {Non-Interrogative Subordinate Wh-Clauses},
  doi = {10.1093/oso/9780192844620.001.0001},
  isbn = {9780192844620 and 9780191933264},
  isbn+an = {1="print";2="online";},
  keywords = {clause-embedding, wh-phrase, non-interrogative subordinate wh-clause, non-interrogative wh-clause, free relative clause, relative clause, manner, locative, complementizer, lexical decomposition, semantic interpretation, cross-linguistic variation, grammaticalization},
}

#JF 
#JG 
#JH 
#JI 
#JJ 
#JK 
#JL 
#JM 
#JN 
#JO 
#JP 
#JQ 
#JR 
#JS 
#JT 
#JU 
#JV 
#JW 
#JX 
#JY 
#JZ 
#K 
#KA 

@article{karttunen1971-language,
  xdata = {j.language},
  author = {Lauri Karttunen},
  gender = {sm},
  date = {1971-06},
  title = {Implicative Verbs},
  volume = {47},
  number = {2},
  pages = {340-358},
  doi = {10.2307/412084},
  eprint = {412084},
  eprinttype = {jstor},
  keywords = {clause-embedding},
}

@article{karttunen1977-lingphil,
  xdata = {j.lingphil,p.reidel},
  author = {Lauri Karttunen},
  gender = {sm},
  date = {1977-01},
  title = {Syntax and Semantics of Questions},
  volume = {1},
  pages = {3-44},
  keywords = {clause-embedding, question-embedding,},
  ceplexemes = {
    eng:amazing,
    eng:ask,
    eng:assume,
    eng:depend,
    eng:discover,
    eng:doubt,
    eng:expect,
    eng:find,
    eng:know,
    eng:matter,
    eng:remember,
    eng:say,
    eng:seem,
    eng:sure,
    eng:tell,
    eng:wonder,
    jpn:知る,
    rus:сказа́ть,
    tur:hatırlamak,
    },
  cepconcepts = {
    assume,
    be-amazing,
    be-certain-that,
    be-relevant,
    depend-on,
    discover,
    doubt,
    expect,
    find-out,
    inquire,
    know-that,
    remember-that,
    seem,
    tell-that,
    wonder,
    },
}

@incollection{karttunen-peters1979-dinneen-oh,
  crossref = {dinneen-oh1979},
  author = {Lauri Karttunen and Stanley Peters},
  gender = {pm},
  title = {Conventional Implicature},
  pages = {1-56},
  doi = {10.1163/9789004368880_002},
}

@book{kaufmann2012,
  xdata = {s.slap},
  author = {Magdalena Kaufmann},
  gender = {sf},
  date = {2012-06-10},
  title = {Interpreting Imperatives},
  number = {88},
  pagetotal = {284},
  isbn = {978-94-007-2268-2 and 978-94-007-3757-0 and 978-94-007-2269-9},
  isbn+an:type = {1="hardback";2="paperback";3="ebook";},
  doi = {10.1007/978-94-007-2269-9},
}

#KB 
#KC 
#KD 
#KE 

@incollection{keenan-hull1973-petofi-franck,
  crossref = {petofi-franck1973},
  author = {Edward Keenan and Robert D. Hull},
  gender = {pm},
  language = {english},
  title = {The Logical Presuppositions of Questions and Answers},
}

#KF 
#KG 
#KH 
#KI 
#KJ 
#KK 
#KL 
#KM 
#KN 
#KO 
#KP 
#KQ 
#KR 

@inproceedings{kratzer1979-baeurle-egli-stechow,
  crossref = {baeurle-egli-stechow1979},
  author = {Angelika Kratzer},
  gender = {sf},
  title = {Conditional Necessity and Possibility},
  pages = {117-147},
  doi = {10.1007/978-3-642-67458-7_9},
}

@article{kratzer2002-lingphil,
  xdata = {j.lingphil,p.kluwer},
  author = {Angelika Kratzer},
  gender = {sf},
  date = {2002-12},
  title = {Facts},
  subtitle = {Particulars or Information Units?},
  volume = {25},
  number = {5-6},
  pages = {655-670},
  eprint = {25001868},
  eprinttype = {jstor},
  doi = {10.1023/a:1020807615085},
}

#KS 
#KT 
#KU 

@article{kuno-robinson1972-li,
  xdata = {j.li},
  author = {Susumu Kuno and Jane J. Robinson},
  date = {1972},
  title = {Multiple Wh Questions},
  volume = {3},
  number = {4},
  pages = {463-487},
  eprint = {4177732},
  eprinttype = {jstor},
}

#KV 
#KW 
#KX 
#KY 
#KZ 
#L 
#LA 

@book{lahiri2002,
  xdata = {p.oxford},
  author = {Utpal Lahiri},
  date = {2002-03-28},
  title = {Questions and Answers in Embedded Contexts},
  series = {Oxford Studies in Theoretical Linguistics},
  pagetotal = {320},
  isbn = {9780198241331 and 9780199246526},
  isbn+an:type = {1="hardback";2="paperback";},
  keywords = {clause-embedding},
  cepconcepts = {know-that, wonder,},
  ids = {lahiri.u2002},
}

@article{landau2010-li,
  xdata = {j.li},
  author = {Idan Landau},
  date = {2010-07-01},
  title = {The Explicit Syntax of Implicit Arguments},
  volume = {41},
  number = {3},
  pages = {357-388},
  doi = {10.1162/ling_a_00001},
  eprint = {40926385},
  eprinttype = {jstor},
  keywords = {clause-embedding, implicit arguments, partial control, binding, object pro},
}

@thesis{lauer2013-thesis,
  author = {Sven Lauer},
  date = {2013-08},
  title = {Towards a Dynamic Pragmatics},
  type = {phdthesis},
  institution = {u-stanford},
  url = {http://www.sven-lauer.net/output/Lauer-Dissertation-DynamicPragmatics.pdf},
}

#LB 
#LC 
#LD 
#LE 

@article{lewis.d-lewis.s1975-theoria,
  author = {David Lewis and Stephanie Lewis},
  date = {1975},
  title = {Review of {R. Olson} and {A. Paul}, eds. {Contemporary Philosophy in Scandinavia}},
  journaltitle = {Theoria},
  volume = {61},
  pages = {39-60},
}

#LF 
#LG 
#LH 
#LI 
#LJ 
#LK 
#LL 
#LM 
#LN 
#LO 
#LP 
#LQ 
#LR 
#LS 
#LT 
#LU 
#LV 
#LW 
#LX 
#LY 
#LZ 
#M 
#MA 

@article{mayr2019-nls,
  xdata = {j.nls},
  author = {Clemens Mayr},
  date = {2019},
  title = {Triviality and Interrogative Embedding},
  subtitle = {Context Sensitivity, Factivity, and Neg-Raising},
  volume = {27},
  keywords = {clause-embedding},
}

#MB 
#MC 
#MD 
#ME 
#MF 
#MG 
#MH 
#MI 
#MJ 
#MK 
#ML 
#MM 
#MN 
#MO 

@inproceedings{montague1973-hintikka-moravcsik-suppes,
  crossref = {hintikka-moravcsik-suppes1973},
  author = {Richard Montague},
  title = {The Proper Treatment of Quantification in Ordinary {English}},
  pages = {221-242},
  doi = {10.1007/978-94-010-2506-5_10},
}

@book{montague1974-selected,
  xdata = {p.yale},
  author = {Richard Montague},
  editor = {Richmond H. Thomason},
  introduction = {Richmond H. Thomason},
  date = {1974},
  title = {Formal Philosophy},
  subtitle = {Selected Papers of {Richard} {Montague}},
  isbn = {0-300-01527-5},
  ids = {thomason1974-montague},
}

@inbook{montague1974-selected-quantification,
  crossref = {montague1974-selected},
  title = {The Proper Treatment of Quantification in Ordinary {English}},
  pages = {247-270},
  related = {montague1973-hintikka-moravcsik-suppes},
  relatedtype = {reprintof},
}

#MP 
#MQ 
#MR 
#MS 
#MT 
#MU 

@collection{mucha-hartmann-trawinski2021,
  xdata = {s.aktuell},
  editor = {Anne Mucha and Jutta M. Hartmann and Beata Trawiński},
  date = {2021-09},
  title = {Non-canonical Control in a Cross-linguistic Perspective},
  number = {270},
  doi = {10.1075/la.270},
  isbn = {978-90-272-0927-6 and 978-90-272-5958-5},
  isbn+an:type = {1="hardback";2="ebook";},
  keywords = {clause-embedding},
}

@collection{munitz-unger1974,
  xdata = {p.nyu},
  editor = {Milton K. Munitz and Peter K. Unger},
  date = {1974},
  title = {Semantics and Philosophy},
  pagetotal = {291},
  isbn = {978-0814753668},
}

#MV 
#MW 
#MX 
#MY 
#MZ 
#N 
#NA 

@article{nadathur2023-jsem,
  xdata = {j.jsem},
  author = {Prerna Nadathur},
  date = {2023-10-03},
  title = {Causal Semantics for Implicative Verbs},
  doi = {10.1093/jos/ffad009},
  keywords = {clause-embedding},
  cepconcepts = {
    be-able,
    be-effortful,
    be-expected,
    be-likely,
    be-shy-to,
    be-small-enough-to,
    be-too-x,
    be-x-enough,
    bother-to,
    cause,
    condescend,
    dare,
    discover,
    fail,
    have-arrogance-to,
    have-hard-heartedness-to,
    have-patience-to,
    have-shamelessness-to,
    have-strength-to,
    hesitate,
    intend,
    make-time,
    manage,
    necessary,
    neglect,
    sufficient,
    try,
    },
  ceplexemes = {
    eng:bother,
    eng:condescend,
    eng:dare,
    eng:discover,
    eng:effortful,
    eng:enough,
    eng:expect,
    eng:fail,
    eng:hesitate,
    eng:intend,
    eng:make,
    eng:manage,
    eng:neglect,
    eng:nerve,
    eng:too,
    eng:try,
    eng:unlikely,
    fin:ehtiä,
    fin:epäröidä,
    fin:hennoa,
    fin:jaksaa,
    fin:kehdata,
    fin:laiminlyödä,
    fin:mahtua,
    fin:malttaa,
    fin:onnistua,
    fin:pystya,
    fin:röyhjetä,
    fin:ujostella,
    fin:uskaltaa,
    fin:viitsiä,
    fra:assez,
    fra:pouvoir,
    fra:réussir,
    },
}

#NB 
#NC 
#ND 
#NE 
#NF 
#NG 
#NH 
#NI 
#NJ 
#NK 
#NL 
#NM 
#NN 
#NO 
#NP 
#NQ 
#NR 
#NS 
#NT 
#NU 
#NV 
#NW 
#NX 
#NY 
#NZ 
#O 
#Ö 

@thesis{oezyildiz2021,
  author = {Deniz Özyıldız},
  date = {2021-05},
  title = {The Event Structure of Attitudes},
  institution = {u-mass},
  location = {l-us-ma-amherst},
  type = {phdthesis},
  doi = {10.7275/22484415.0},
  keywords = {clause-embedding},
  cepconcepts = {
    agree,
    be-able,
    be-certain-that,
    be-correct-that,
    be-curious,
    be-important,
    be-permitted,
    be-surprised,
    believe,
    choose,
    circumstantial-possibility,
    claim,
    consider,
    decide,
    deliberate,
    demonstrate,
    deontic-must,
    deontic-should,
    direct,
    discover,
    doubt,
    enable,
    entertain,
    epistemic-possibility,
    evaluate,
    explain,
    force,
    guess,
    hope,
    imagine,
    inform,
    inquire,
    investigate,
    know-that,
    permit,
    persuade,
    realize,
    regret,
    remember,
    struggle,
    think-that,
    understand,
    want,
    wonder,
    },
  ceplexemes = {
    cmn:想,
    cmn:該,
    cmn:该,
    eng:able,
    eng:agree,
    eng:allow,
    eng:ask,
    eng:believe,
    eng:can,
    eng:can,
    eng:certain,
    eng:choose,
    eng:claim,
    eng:consider,
    eng:curious,
    eng:decide,
    eng:deliberate,
    eng:demonstrate,
    eng:discover,
    eng:doubt,
    eng:entertain,
    eng:explain,
    eng:figure,
    eng:force,
    eng:guess,
    eng:hard-time,
    eng:have,
    eng:hope,
    eng:imagine,
    eng:important,
    eng:investigate,
    eng:know,
    eng:might,
    eng:need,
    eng:persuade,
    eng:realize,
    eng:regret,
    eng:remember,
    eng:right,
    eng:should,
    eng:struggle,
    eng:surprise,
    eng:tell,
    eng:think,
    eng:understand,
    eng:want,
    eng:wonder,
    eng:wrestle,
    est:mõtlema,
    fra:demander,
    fra:devoir,
    fra:penser,
    fra:réfléchir,
    hin:चाहिए,
    hin:जानना,
    hin:फ़ैसला,
    hin:सोचना,
    jpn:だろう,
    rus:до́лжен,
    rus:ду́мать,
    rus:наду́мать,
    rus:приду́мать,
    rus:реши́ть,
    tur:bilmek,
    tur:düşünmek,
    tur:inanmak,
    tur:merak,
    tur:sanmak,
    ukr:ви́рішити,
    ukr:ду́мати,
    ukr:ма́ти,
    ukr:наду́мати,
    ukr:приду́мати,
    },
}

@inproceedings{oezyildiz-al2023-sigtyp,
  crossref = {c.sigtyp:5},
  author = {Deniz Özyıldız and Ciyang Qing and Floris Roelofsen and Maribel Romero and Wataru Uegaki},
  date = {2023-05-06},
  title = {A Crosslinguistic Database for Combinatorial and Semantic Properties of Attitude Predicates},
  pages = {65-75},
  doi = {10.18653/v1/2023.sigtyp-1.7},
  url = {https://aclanthology.org/2023.sigtyp-1.7},
  keywords = {clause-embedding},
}

#P 
#PA 
#PB 
#PC 
#PD 
#PE 

@book{pearl2000,
  xdata = {p.cambridge},
  author = {Judea Pearl},
  date = {2000},
  title = {Causality},
  subtitle = {Models, Reasoning, and Inference},
}

@collection{petofi-franck1973,
  xdata = {p.athenaeum},
  editor = {János S. Petőfi and Dorothea Franck},
  date = {1973},
  title = {Präsuppositionen in Philosophie und Linguistik},
  title+an:language = {="german";},
  series = {Linguistische Forschungen},
  number = {7},
  pagetotal = {606},
  language = {german and english},
  isbn = {9783761092323 and 9783761048238},
}

#PF 
#PG 
#PH 
#PI 
#PJ 
#PK 
#PL 
#PM 
#PN 
#PO 
#PP 
#PQ 
#PR 
#PS 
#PT 
#PU 
#PV 
#PW 
#PX 
#PY 
#PZ 
#Q 
#R 
#S 
#SA 

@article{santorio2016-philrev,
  xdata = {j.philrev},
  author = {Paolo Santorio},
  date = {2016-01-01},
  title = {Nonfactual Know-How and the Boundaries of Semantics},
  volume = {125},
  number = {1},
  pages = {35-82},
  doi = {10.1215/00318108-3321721},
  keywords = {clause-embedding},
}

#SÆ 

@thesis{saebo1985-report,
  author = {Kjell Johan Sæbø},
  date = {1985},
  title = {Notwendige Bedingungen im Deutschen},
  title+an:language = {="german";},
  subtitle = {Zur Semantik modalisierter Sätze},
  type = {phdthesis},
  institution = {u-oslo},
  series = {Papiere des Sonderforschungsbereichs 99},
  series+an:language = {="german";},
  seriessubtitle = {Grammatik und sprachliche Prozesse},
  number = {108},
  publisher = {u-konstanz},
}

@incollection{saebo2001-fery-sternefeld,
  crossref = {fery-sternefeld2001},
  author = {Kjell Johan Sæbø},
  title = {Necessary Conditions in a Natural Language},
  doi = {10.1515/9783050080116.427},
  pages = {427-449},
}

@inproceedings{saebo2007-tbillc,
  crossref = {c.tbillc:6},
  author = {Kjell Johan Sæbø},
  year = {2007},
  title = {A Whether Forecast},
  pages = {189-199},
  doi = {10.1007/978-3-540-75144-1_14},
}

#SB 
#SC 
#SCH 

@article{schmitt-sode2018-sub,
  crossref = {j.sub:21},
  author = {Viola Schmitt and Frank Sode},
  title = {An Anti-Intellectualist Treatment of {German} wissen (‘know’)},
  number = {2},
  pages = {1091-1108},
  url = {https://ojs.ub.uni-konstanz.de/sub/index.php/sub/article/view/186},
  keywords = {clause-embedding},
}

@article{schulz2010-synthese,
  xdata = {j.synthese},
  author = {Katrin Schulz},
  date = {2010-09-14},
  title = {“If You’d Wiggled {A}, then {B} Would’ve Changed”},
  subtitle = {Causality and Counterfactual Conditionals},
  volume = {179},
  issuedate = {2011},
  pages = {239-251},
  doi = {10.1007/s11229-010-9780-9},
}

@article{schueler2016-studia,
  xdata = {j.studia},
  author = {David Schueler},
  date = {2016-06-24},
  title = {Factivity and Complement-Types},
  volume = {70},
  number = {3},
  pages = {297-335},
  doi = {10.1111/stul.12050},
  keywords = {clause-embedding},
}

#SD 
#SE 

@article{searle1989-lingphil,
  xdata = {j.lingphil,p.kluwer},
  author = {John R. Searle},
  date = {1989-10},
  title = {How Performatives Work},
  volume = {12},
  number = {5},
  pages = {535-558},
  eprint = {25001359},
  eprinttype = {jstor},
}

@article{sells1987-li,
  xdata = {j.li},
  author = {Peter Sells},
  year = {1987},
  title = {Aspects of Logophoricity},
  volume = {18},
  number = {3},
  pages = {445-479},
  eprinttype = {jstor},
  eprint = {4178550},
  keywords = {clause-embedding},
}

#SF 
#SG 
#SH 
#SI 
#SJ 
#SK 
#SL 
#SM 
#SN 
#SO 

@collection{solstad-gronn-haug2006,
  xdata = {p.unipub},
  editor = {Torgrim Solstad and Atle Grønn and Dag Haug},
  date = {2006},
  title = {A Festschrift for {Kjell} {Johan} {Sæbø}},
  subtitle = {In Partial Fulfilment of the Requirements for the Celebration of his 50th Birthday},
  eprint = {10852/25205},
  eprinttype = {hdl},
  url = {http://urn.nb.no/URN:NBN:no-21252},
}

#SP 
#SQ 
#SR 
#Ss 
#ST 
#SU 
#SV 
#SW 
#SX 
#SY 
#SZ 
#T 
#TA 
#TB 
#TC 
#TD 
#TE 
#TF 
#TG 
#TH 

@article{theiler-roelofsen-aloni2019-nls,
  xdata = {j.nls},
  author = {Nadine Theiler and Floris Roelofsen and Maria Aloni},
  date = {2019-03-18},
  title = {Picky Predicates},
  subtitle = {Why Believe Doesn't Like Interrogative Complements, and Other Puzzles},
  issuedate = {2019-06-15},
  volume = {27},
  pages = {95-134},
  doi = {10.1007/s11050-019-09152-9},
  keywords = {clause-embedding},
}

#TI 
#TJ 
#TK 
#TL 
#TM 
#TN 
#TO 
#TP 
#TQ 
#TR 
#TS 
#TT 
#TU 
#TV 
#TW 
#TX 
#TY 
#TZ 
#U 
#UA 
#UB 
#UC 
#UD 
#UE 

@article{uegaki2016-jsem,
  xdata = {j.jsem},
  author = {Wataru Uegaki},
  author+an = {1=familyfirst},
  date = {2015-07-17},
  title = {Content Nouns and the Semantics of Question-Embedding},
  volume = {33},
  number = {4},
  issuedate = {2016-11},
  pages = {623-660},
  doi = {10.1093/jos/ffv009},
  keywords = {clause-embedding},
  ids = {uegaki2015-jsem},
}

@article{uegaki2019-llcompass,
  xdata = {j.llcompass},
  author = {Wataru Uegaki},
  date = {2019-01-13},
  title = {The Semantics of Question-Embedding Predicates},
  volume = {13},
  number = {1},
  eid = {e12308},
  doi = {10.1111/lnc3.12308},
  keywords = {clause-embedding},
  cepconcepts = {
    know-that,
    agree-that,
    care,
    be-relevant,
    realize,
    report,
    believe,
    wonder,
    },
  ceplexemes = {
    eng:know,
    eng:realize,
    eng:report,
    eng:agree-that,
    eng:care,
    eng:believe,
    eng:wonder,
    jpn:知る,
    jpn:気付く,
    jpn:報告する,
    },
}

@incollection{uegaki2023-jedrzejowski-umbach,
  crossref = {jedrzejowski-umbach2023},
  author = {Wataru Uegaki},
  title = {The Doubt-Whether Puzzle},
  pages = {461-491},
  doi = {10.1093/oso/9780192844620.003.0015},
  keywords = {clause-embedding, doubt, selectional restriction, semantic account, highlighting, exhaustification, attitude, declarative complements, whether-complements},
  cepconcepts = {doubt,},
  ceplexemes = {eng:doubt,},
}

#UF 
#UG 
#UH 

@article{uhlik-zele2018-voprosy,
  xdata = {j.voprosy},
  author = {Mladen Uhlik and Andreja Žele},
  author+an:russian = {1:given="Младен";1:family="Ухлик";2:given="Андрея";2:family="Желе"},
  date = {2018-10-08},
  title = {Da-предложения при глаголах желания и побуждения в словенском языке},
  title+an:english = {="Da-clauses as Complements of Desiderative and Manipulative verbs in {Slovenian}"},
  volume = {2018},
  number = {5},
  pages = {87-113},
  doi = {10.31857/S0373658X0001399-7},
  keywords = {clause-embedding},
}

#UI 
#UJ 
#UK 
#UL 
#UM 
#UN 
#UO 
#UP 
#UQ 
#UR 
#US 
#UT 
#UU 
#UV 
#UW 
#UX 
#UY 
#UZ 
#V 
#VA 
#VB 
#VC 
#VD 
#VE 

@inproceedings{veltman1976-bartsch,
  crossref = {c.amsterdam:1},
  author = {Frank Veltman},
  title = {Prejudices, Presuppositions and the Theory of Counterfactuals},
  pages = {248-282},
  url = {https://staff.fnwi.uva.nl/f.j.m.m.veltman/papers/Veltman1976.pdf},
  ids = {veltman1976-amsterdam},
}

@book{vendler1972,
  xdata = {p.cornell},
  author = {Zeno Vendler},
  date = {1972},
  title = {Res Cogitans},
  title+an:language = {="latin";},
  subtitle = {An Essay in Rational Psychology},
  subtitle+an:language = {="english";},
  pagetotal = {237},
}

#VF 
#VG 
#VH 
#VI 
#VJ 
#VK 
#VL 
#VM 
#VN 
#VO 
#VP 
#VQ 
#VR 
#VS 
#VT 
#VU 
#VV 
#VW 
#VX 
#VY 
#VZ 
#W 
#WA 
#WB 
#WC 
#WD 
#WE 
#WF 
#WG 
#WH 
#WI 
#WJ 
#WK 
#WL 
#WM 
#WN 
#WO 
#WP 
#WQ 
#WR 
#WS 
#WT 
#WU 

@book{wunderlich.d1976,
  xdata = {p.suhrkamp},
  author = {Dieter Wunderlich},
  date = {1976},
  title = {Studien zur Sprechakttheorie},
  title+an:language = {="german";},
  language = {german},
  isbn = {978-3-518-07772-6},
  pagetotal = {416},
}

@inbook{wunderlich.d1976-fragesaetze,
  crossref = {wunderlich.d1976},
  title = {Fragesätze und Fragen},
  title+an:language = {="german";},
  pages = {181-250},
  language = {german},
}

#WV 
#WX 
#WY 
#WZ 
#X 

@article{xiang2013-plc,
  crossref = {j.plc:36},
  author = {Yimei Xiang},
  date = {2013-01-28},
  title = {Neg-Raising and Aspect},
  subtitle = {Evidence from {Mandarin}},
  eid = {29},
  eprint = {20.500.14332/44904},
  eprinttype = {hdl},
  keywords = {clause-embedding},
}

#Y 
#Z 

@incollection{zimmermann.te2006-solstad-gronn-haug,
  crossref = {solstad-gronn-haug2006},
  author = {Thomas Ede Zimmermann},
  date = {2006},
  title = {Knowledge and Desire, From a {German} Perspective},
  pages = {211-223},
  keywords = {clause-embedding},
  cepconcepts = {
    want,
    know-that,
    },
  ceplexemes = {
    deu:wissen,
    deu:wollen,
    eng:know,
    eng:want,
    },
}